@article{1,
  author  = {D. {Ruprecht} and H. {Muller}},
  journal = {IEEE Computer Graphics and Applications},
  title   = {Image warping with scattered data interpolation},
  year    = {1995},
  volume  = {15},
  number  = {2},
  pages   = {37-43},
}
@article{2,
	author  = {N. {Arad} and D. {Reisfeld}},
	journal = {Computer graphics forum},
	title   = {Image warping using few anchor points and radial functions},
	year    = {1995},
	volume  = {14},
	number  = {1},
	pages   = {35-46},
}
@article{3,
	author  = {施法中},
	journal = {北京：高等教育出版社},
	title   = {计算机辅助几何设计与非均匀有理B样条},
	year    = {2001},
	pages   = {223-240 and 334-348},
}