@article{0Learning,
  title={Learning representations by back-propagating errors},
  journal={Nature},
}