@article{946629,
  author  = {E. {Reinhard} and M. {Adhikhmin} and B. {Gooch} and P. {Shirley}},
  journal = {IEEE Computer Graphics and Applications},
  title   = {Color transfer between images},
  year    = {2001},
  volume  = {21},
  number  = {5},
  pages   = {34-41},
  doi     = {10.1109/38.946629}
}